ISA*00*          *00*          *ZZ*04412          *29*E14645         *170808*2359*^*00401*722000095*0*P*:~GS*HP*04412*E14645*20180808*2359*87*X*004010X091A1~ST*835*000000023~BPR*H*0*C*NON************20180809~TRN*1*463051216AFA5*1900750689~REF*EV*E14645~REF*F2*1964772447~DTM*405*20180808~N1*PR*NOVITAS SOLUTIONS, INC.~N3*PO BOX 3110~N4*MECHANICSBURG*PA*170551826~REF*2U*04412~PER*CX*OLIVE TREE*TE*8582528782~N1*PE*AMARILLO PATHOLOGY GROUP LLP*XX*1538105366~N3*P O BOX 51525~N4*AMARILLO*TX*791591525~REF*TJ*752656007~LX*1~TS3*3123584*3*20180716*12.2*1239.9~TS2*~CLP*A2011060211484718*1*211399.99*138099.9*0*12*11223344556699*3*****~CAS*CO*131*550~NM1*QC*1*PAIGE*FAYS*M***MR*Medicaid Recipient Identification Number~NM1*IL*1*DEE*END****II*Standard Unique Health Identifier for each Individual~NM1*74*1*NCFLUWKIVB*I3X9XNY0O2*NHOU9DNFAW****Insured Changed Unique Identification Number~NM1*82*1*NCFLUWKIVB*I3X9XNY0O2*NHOU9DNFAW***XX*Centers for Medicare and Medicaid Services~NM1*TT*2*ACME INSURANCE*****XV*Centers for Medicare and Medicaid Services PlanID~NM1*PR*2*ACME INSURANCE*****XV*Centers for Medicare and Medicaid Services PlanID~MIA*99.9~MOA********~REF*1L*Group or Policy Number~REF*1C*12345678~DTM*050*20180715~PER*CX***8005551212~AMT*ZO*49~QTY*ZK*333222~SVC*HC*80051*100*80~DTM*150*20180716~CAS*PR*1*793**3*25~CAS*CO*131*250~REF*RB*100~REF*HPI*1234567891~AMT*B6*425~QTY*ZL*3.75~LQ*HE*12345~SE*86*000000023~GE*6*87~IEA*1*722000085~